@online{openai2023,
  author = {OpenAI},
  year = {2023},
  title = {Personal communication with ChatGPT},
  howpublished = {Prompt 1 : I am going to send you an assignment. Prepare a latex template for my report without providing answers please // Prompt 2: what are some types of age metrics in soft eng (see response in script.sh)},
  url = {https://chat.openai.com},
  note = {Retrieved from the conversation with ChatGPT on the OpenAI platform}
}

@online{JFreeChart,
    title = {JFreeChart},
    author = {Gilbert, David},
    year = {2023},
    note = {Version 1.5.4},
    url = {https://github.com/jfree/jfreechart},
    url= {https://www.jfree.org/jfreechart/}
    }

@online{CodeChurn,
title = {Code Churn Metric from https://linearb.io/blog/what-is-code-churn#what-is-code-churn},
url={https://gist.github.com/coreyhaines/829932},
url={https://linearb.io/blog/what-is-code-churn#what-is-code-churn}
}

@online{Maven,
url={https://maven.apache.org}
}
